
  <record>
    <leader>02183cas a2200469 i 4500</leader>
    <controlfield tag="001">on1099471426</controlfield>
    <controlfield tag="003">OCoLC</controlfield>
    <controlfield tag="005">20190627110551.0</controlfield>
    <controlfield tag="006">m o d</controlfield>
    <controlfield tag="007">cr bn|||||||||</controlfield>
    <controlfield tag="008">190429d19151921oruwr neo 0 0eng c</controlfield>
    <datafield tag="010" ind1="" ind2="">
      <subfield code="a">2019260072</subfield>
      <subfield code="z">2019206071</subfield>
    </datafield>
    <datafield tag="040" ind1="" ind2="">
      <subfield code="a">ORU</subfield>
      <subfield code="b">eng</subfield>
      <subfield code="e">rda</subfield>
      <subfield code="e">pn</subfield>
      <subfield code="c">ORU</subfield>
      <subfield code="d">ORU</subfield>
    </datafield>
    <datafield tag="035" ind1="" ind2="">
      <subfield code="a">(OCoLC)1099471426</subfield>
    </datafield>
    <datafield tag="042" ind1="" ind2="">
      <subfield code="a">pcc</subfield>
    </datafield>
    <datafield tag="043" ind1="" ind2="">
      <subfield code="a">n-us-or</subfield>
    </datafield>
    <datafield tag="049" ind1="" ind2="">
      <subfield code="a">ORUM</subfield>
    </datafield>
    <datafield tag="245" ind1="0" ind2="0">
      <subfield code="a">Cottage Grove sentinel and Cottage Grove leader.</subfield>
    </datafield>
    <datafield tag="246" ind1="1" ind2="">
      <subfield code="i">Publishers statement July 26, 1917- has title :</subfield>
      <subfield code="a">Sentinel</subfield>
    </datafield>
    <datafield tag="264" ind1="" ind2="1">
      <subfield code="3">Sept. 8-Oct. 20, 1915:</subfield>
      <subfield code="a">Cottage Grove, Oregon :</subfield>
      <subfield code="b">Bede &amp; Tyrrell, Publishers and Proprietors,</subfield>
      <subfield code="c">1915-1921.</subfield>
    </datafield>
    <datafield tag="264" ind1="2" ind2="1">
      <subfield code="3">Oct. 27, 1915-Mar. 29, 1916 :</subfield>
      <subfield code="a">Cottage Grove, Oregon :</subfield>
      <subfield code="b">Elbert Bede Publisher and Proprietor</subfield>
    </datafield>
    <datafield tag="264" ind1="3" ind2="1">
      <subfield code="3">Apr. 5, 1916-Dec. 30, 1921:</subfield>
      <subfield code="a">Cottage Grove, Lane County, Oregon :</subfield>
      <subfield code="b">Elbert Bede and Elbert Smith Publishers</subfield>
    </datafield>
    <datafield tag="300" ind1="" ind2="">
      <subfield code="a">1 online resource</subfield>
    </datafield>
    <datafield tag="310" ind1="" ind2="">
      <subfield code="a">Weekly</subfield>
    </datafield>
    <datafield tag="336" ind1="" ind2="">
      <subfield code="a">text</subfield>
      <subfield code="b">txt</subfield>
      <subfield code="2">rdacontent</subfield>
    </datafield>
    <datafield tag="336" ind1="" ind2="">
      <subfield code="a">still image</subfield>
      <subfield code="b">sti</subfield>
      <subfield code="2">rdacontent</subfield>
    </datafield>
    <datafield tag="337" ind1="" ind2="">
      <subfield code="a">computer</subfield>
      <subfield code="b">c</subfield>
      <subfield code="2">rdamedia</subfield>
    </datafield>
    <datafield tag="338" ind1="" ind2="">
      <subfield code="a">online resource</subfield>
      <subfield code="b">cr</subfield>
      <subfield code="2">rdacarrier</subfield>
    </datafield>
    <datafield tag="362" ind1="1" ind2="">
      <subfield code="a">Began with Volume No. 26, Number 50 (September 8, 1915), ceased with Volume 32, Number 15 (December 30, 1921).</subfield>
    </datafield>
    <datafield tag="530" ind1="" ind2="">
      <subfield code="a">Also issued on microfilm from University of Oregon.</subfield>
    </datafield>
    <datafield tag="588" ind1="" ind2="">
      <subfield code="a">Print version record.</subfield>
    </datafield>
    <datafield tag="588" ind1="" ind2="">
      <subfield code="a">Latest issue consulted: Volume 32, Number 15 (December 30, 1921) (University of Oregon, Historic Oregon Newspapers, viewed April 29, 2019).</subfield>
    </datafield>
    <datafield tag="651" ind1="" ind2="0">
      <subfield code="a">Cottage Grove (Or.)</subfield>
      <subfield code="v">Newspapers.</subfield>
    </datafield>
    <datafield tag="651" ind1="" ind2="0">
      <subfield code="a">Lane County (Or.)</subfield>
      <subfield code="v">Newspapers.</subfield>
    </datafield>
    <datafield tag="655" ind1="" ind2="7">
      <subfield code="a">Newspapers.</subfield>
      <subfield code="2">lcgft</subfield>
    </datafield>
    <datafield tag="752" ind1="" ind2="">
      <subfield code="a">United States</subfield>
      <subfield code="b">Oregon</subfield>
      <subfield code="c">Lane</subfield>
      <subfield code="d">Cottage Grove.</subfield>
    </datafield>
    <datafield tag="776" ind1="0" ind2="8">
      <subfield code="i">Print version:</subfield>
      <subfield code="t">Cottage Grove sentinel and Cottage Grove leader</subfield>
      <subfield code="w">(DLC) 2019260060</subfield>
      <subfield code="w">(OCoLC)1099470911</subfield>
    </datafield>
    <datafield tag="780" ind1="1" ind2="4">
      <subfield code="t">Cottage Grove sentinel</subfield>
      <subfield code="w">(DLC) 2019260076</subfield>
      <subfield code="w">(OCoLC)1105661233</subfield>
    </datafield>
    <datafield tag="780" ind1="1" ind2="4">
      <subfield code="t">Cottage Grove leader</subfield>
      <subfield code="w">(DLC) 2019260071</subfield>
      <subfield code="w">(OCoLC)1099578127</subfield>
    </datafield>
    <datafield tag="785" ind1="0" ind2="0">
      <subfield code="t">Cottage Grove sentinel (1922)</subfield>
      <subfield code="w">(DLC) 2019260070</subfield>
      <subfield code="w">(OCoLC)1099471502</subfield>
    </datafield>
    <datafield tag="856" ind1="4" ind2="0">
      <subfield code="3">1915-1918</subfield>
      <subfield code="u">https://oregonnews.uoregon.edu/lccn/sn96088073/</subfield>
      <subfield code="z">View at Historic Oregon Newspapers</subfield>
    </datafield>
    <datafield tag="994" ind1="" ind2="">
      <subfield code="a">C0</subfield>
      <subfield code="b">ORU</subfield>
    </datafield>
  </record>

